@phdthesis{parallel_comp,
	title = {Paralel Monte Carlo Tree Search},
	author = {Chaslot, Guillaume and Winands, Mark and van den Herik, H. Jaap}
}

@misc{mpi_tuto,
	title = "https://computing.llnl.gov/tutorials/mpi/"
	author = {Blaise Barney, Lawrence Livermore}
}