
@misc{siek_boost_????,
	title = {The Boost Graph Library - 1.56.0},
	url = {http://www.boost.org/doc/libs/1_56_0/libs/graph/doc/},
	urldate = {2014-10-05},
	author = {Siek, Jeremy and Lee, Lie-Quan and Lumsdaine, Andrew},
	file = {The Boost Graph Library - 1.56.0:C\:\\Users\\Hermyx\\AppData\\Roaming\\Mozilla\\Firefox\\Profiles\\f0sbqhxq.default\\zotero\\storage\\FV2CUPRB\\doc.html:text/html}
}

@misc{siek_boost_????-1,
	title = {Boost Graph Library: Adjacency List - 1.56.0},
	url = {http://www.boost.org/doc/libs/1_56_0/libs/graph/doc/adjacency_list.html},
	urldate = {2014-10-05},
	author = {Siek, Jeremy and Lee, Lie-Quan and Lumsdaine, Andrew},
	file = {Boost Graph Library\: Adjacency List - 1.56.0:C\:\\Users\\Hermyx\\AppData\\Roaming\\Mozilla\\Firefox\\Profiles\\f0sbqhxq.default\\zotero\\storage\\NA5NH8JA\\adjacency_list.html:text/html}
}

@misc{siek_using_????,
	title = {Using the Boost Graph Library - 1.56.0},
	url = {http://www.boost.org/doc/libs/1_56_0/libs/graph/doc/using_adjacency_list.html},
	urldate = {2014-10-05},
	author = {Siek, Jeremy},
	file = {Using the Boost Graph Library - 1.56.0:C\:\\Users\\Hermyx\\AppData\\Roaming\\Mozilla\\Firefox\\Profiles\\f0sbqhxq.default\\zotero\\storage\\9U6PMZ58\\using_adjacency_list.html:text/html}
}

@misc{_c++_????,
	title = {C++ Multithreading in Boost},
	url = {https://www.quantnet.com/threads/c-multithreading-in-boost.10028/},
	abstract = {This is a preview of Chapter 18 An Introduction to Thread in the upcoming book From: Introduction to the C++ Boost Libraries – Volume I – Foundations....},
	urldate = {2014-10-05},
	journal = {{QuantNet} Community},
	file = {Snapshot:C\:\\Users\\Hermyx\\AppData\\Roaming\\Mozilla\\Firefox\\Profiles\\f0sbqhxq.default\\zotero\\storage\\FGDJHBAT\\c-multithreading-in-boost.html:text/html}
}

@misc{_message_2014,
	title = {Message Passing Interface},
	copyright = {Creative Commons Attribution-{ShareAlike} License},
	url = {http://en.wikipedia.org/w/index.php?title=Message_Passing_Interface&oldid=621974825},
	abstract = {Message Passing Interface ({MPI}) is a standardized and portable message-passing system designed by a group of researchers from academia and industry to function on a wide variety of parallel computers. The standard defines the syntax and semantics of a core of library routines useful to a wide range of users writing portable message-passing programs in different computer programming languages such as Fortran, C, C++ and Java. There are several well-tested and efficient implementations of {MPI}, including some that are free or in the public domain. These fostered the development of a parallel software industry, and there encouraged development of portable and scalable large-scale parallel applications.},
	language = {en},
	urldate = {2014-10-05},
	journal = {Wikipedia, the free encyclopedia},
	month = sep,
	year = {2014},
	note = {Page Version {ID}: 621974825},
	file = {Snapshot:C\:\\Users\\Hermyx\\AppData\\Roaming\\Mozilla\\Firefox\\Profiles\\f0sbqhxq.default\\zotero\\storage\\N633AXGP\\index.html:text/html}
}

@misc{openmp_faq_????,
	title = {{FAQ} {OPENMP}},
	url = {http://openmp.org/openmp-faq.html#Content.OMPAPI},
	urldate = {2014-10-05},
	author = {OpenMP, Corporation},
	file = {FAQ OPENMP:C\:\\Users\\Hermyx\\AppData\\Roaming\\Mozilla\\Firefox\\Profiles\\f0sbqhxq.default\\zotero\\storage\\A4F5SGGZ\\openmp-faq.html:text/html}
}

@misc{vialle_calcul_????,
	title = {Calcul parallèle et distribué, et Grilles de calculs},
	url = {http://www.metz.supelec.fr/metz/personnel/vialle/course/IIC-CPDG/index.htm},
	urldate = {2014-10-05},
	author = {Vialle, Stéphane},
	file = {Calcul parallèle et distribué, et Grilles de calculs:C\:\\Users\\Hermyx\\AppData\\Roaming\\Mozilla\\Firefox\\Profiles\\f0sbqhxq.default\\zotero\\storage\\3EPC2G3M\\index.html:text/html}
}

@misc{_mpi_????,
	title = {{MPI} vs {openMP} for a shared memory - Stack Overflow},
	url = {http://stackoverflow.com/questions/11332018/mpi-vs-openmp-for-a-shared-memory},
	urldate = {2014-10-05},
	file = {Snapshot:C\:\\Users\\Hermyx\\AppData\\Roaming\\Mozilla\\Firefox\\Profiles\\f0sbqhxq.default\\zotero\\storage\\UZCR8RH3\\mpi-vs-openmp-for-a-shared-memory.html:text/html}
}

@inproceedings{van_niekerk_monte-carlo_2012,
	title = {Monte-Carlo tree search parallelisation for computer go},
	isbn = {9781450313087},
	url = {http://leafcloud.com/research/monte-carlo-tree-search-parallelisation-for-computer-go/},
	doi = {10.1145/2389836.2389852},
	language = {en},
	urldate = {2014-10-05},
	publisher = {{ACM} Press},
	author = {van Niekerk, Francois and van Rooyen, Gert-Jan and Kroon, Steve and Inggs, Cornelia P.},
	year = {2012},
	pages = {129},
	file = {leafcloud.com » Monte-Carlo Tree Search Parallelisation for Computer Go:C\:\\Users\\Hermyx\\AppData\\Roaming\\Mozilla\\Firefox\\Profiles\\f0sbqhxq.default\\zotero\\storage\\FQ49RANM\\monte-carlo-tree-search-parallelisation-for-computer-go.html:text/html}
}