
@phdthesis{parralel_comp,
	title = {Parralel Monte Carlo Tree Search},
	author = {Chaslot, Guillaume and Winands, Mark and van den Herik, H. Jaap}
}

@phdthesis{lock-free,
	title = {A Lock-free Multithreaded Monte-Carlo Tree Search Algorithm},
	author = {{Markus Enzenberger} and Müller, Martin}
}

@misc{tree_root_comp,
	title = {Tree parallelization of Ary on a cluster},
	author = {{Méhat Jean} and {Cazenave Tristan}}
}