@phdthesis{parallel_comp,
	title = {Paralel Monte Carlo Tree Search},
	author = {Chaslot, Guillaume and Winands, Mark and van den Herik, H. Jaap}
}

@misc{mpi_tuto,
	title = {Message Passing Interface (MPI)},
	howpublished = {\url{https://computing.llnl.gov/tutorials/mpi/}},
	author = {Blaise Barney, Lawrence Livermore}
}

@misc{fast_log,
	title = {Fast log2(float x) implementation C++},
	howpublished = {\url{http://stackoverflow.com/questions/9411823/fast-log2float-x-implementation-c\#answer-10702739}},
	author = {Laurent de Soras}
}

