@misc{branchin_factor,
	title = {A Look at the Arimaa Branching Factor},
	author = {Brian "Janzert" Haskin},
	howpublished = "\url{http://arimaa.janzert.com/bf\_study/}",
	year = {2006}
}

@misc{OpenMP_vs_CC,
	title = {OpenMP versus Threading in C/C++},
	author = {{Bob Kuhn}, {Paul Petersen} and {Eamonn Oâ€™Toole}},
	howpublished = "\url{http://www.cs.colostate.edu/~cs675/OpenMPvsThreads.pdf}"
}

@misc{OpenMp_vs_explicit_threading,
	title = {intel Developer Zone, Choosing between OpenMP and Explicit Threading Methods},
	author = {Andrew Binstock},
	howpublished = "\url{https://software.intel.com/en-us/articles/choosing-between-openmp-and-explicit-threading-methods}",
	year = {2010}
}

@misc{right_threading_framework,
	title = {intel Developer Zone, Choosing the right threading framework},
	author = {Florian R.},
	howpublished = "\url{https://software.intel.com/en-us/articles/choosing-the-right-threading-framework}",
	year = {2013}
}

@misc{General_Game_Playing,
	author = {Stanford Logic Group},
	howpublished = "\url{http://logic.stanford.edu/classes/cs227/2013/readings/gdl_spec.pdf}",
	year = {2008}
}
@phdthesis{parallel_comp,
	title = {Paralel Monte Carlo Tree Search},
	author = {Chaslot, Guillaume and Winands, Mark and van den Herik, H. Jaap}
}

@phdthesis{treesplit,
	title = {Parallel Monte-Carlo Tree Search for HPC Systems},
	author = {{Tobias Graf} and {Ulf Lorenz} and {Marco Platzner} and {Lars Schaefers}}
}